%% This BibTeX bibliography file was created using BibDesk.
%% http://bibdesk.sourceforge.net/


%% Created for Alberto Bacchelli at 2016-01-27 14:15:27 +0100 


%% Saved with string encoding Unicode (UTF-8) 



@inproceedings{sarma09ICSE,
	Author = {Sarma, Anita and Maccherone, Larry and Wagstrom, Patrick and Herbsleb, James},
	Booktitle = {Proceedings of the 31th International Conference on Software Engineering},
	Date-Added = {2016-01-27 13:14:52 +0000},
	Date-Modified = {2016-01-27 13:15:16 +0000},
	Organization = {IEEE},
	Pages = {23--33},
	Series = {ICSE '09},
	Title = {Tesseract: Interactive visual exploration of socio-technical relationships in software development},
	Year = {2009}}

@inproceedings{bird:original,
	Author = {Christian Bird and Nachiappan Nagappan and brendan murphy and Harald Gall and Premkumar Devanbu},
	Booktitle = {Proceedings of the the eighth joint meeting of the European Software Engineering Conference and the ACM SIGSOFT Symposium on The Foundations of Software Engineering},
	Month = {September},
	Publisher = {ACM},
	Title = {Don't Touch My Code! Examining the Effects of Ownership on Software Quality},
	Url = {http://research.microsoft.com/apps/pubs/default.aspx?id=150498},
	Year = {2011},
	Bdsk-Url-1 = {http://research.microsoft.com/apps/pubs/default.aspx?id=150498}}

@inproceedings{Rahman:blame,
	Acmid = {1985860},
	Address = {New York, NY, USA},
	Author = {Rahman, Foyzur and Devanbu, Premkumar},
	Booktitle = {Proceedings of the 33rd International Conference on Software Engineering},
	Doi = {10.1145/1985793.1985860},
	Isbn = {978-1-4503-0445-0},
	Keywords = {collaboration, experience, ownership, software quality},
	Location = {Waikiki, Honolulu, HI, USA},
	Numpages = {10},
	Pages = {491--500},
	Publisher = {ACM},
	Series = {ICSE '11},
	Title = {Ownership, Experience and Defects: A Fine-grained Study of Authorship},
	Url = {http://doi.acm.org/10.1145/1985793.1985860},
	Year = {2011},
	Bdsk-Url-1 = {http://doi.acm.org/10.1145/1985793.1985860},
	Bdsk-Url-2 = {http://dx.doi.org/10.1145/1985793.1985860}}

@inproceedings{Greiler:replication,
	Address = {Piscataway, NJ, USA},
	Author = {Michaela Greiler and Kim Herzig and Jacek Czerwonka},
	Booktitle = {Proceedings of the 12th Working Conference on Mining Software Repositories},
	Month = {May},
	Publisher = {IEEE},
	Series = {MSR '15},
	Title = {Code Ownership and Software Quality: A Replication Study},
	Url = {http://research.microsoft.com/apps/pubs/default.aspx?id=246746},
	Year = {2015},
	Bdsk-Url-1 = {http://research.microsoft.com/apps/pubs/default.aspx?id=246746}}

@inproceedings{Foucault:oss,
	Acmid = {2601283},
	Address = {New York, NY, USA},
	Articleno = {39},
	Author = {Foucault, Matthieu and Falleri, Jean-R{\'e}my and Blanc, Xavier},
	Booktitle = {Proceedings of the 18th International Conference on Evaluation and Assessment in Software Engineering},
	Doi = {10.1145/2601248.2601283},
	Isbn = {978-1-4503-2476-2},
	Keywords = {code ownership, process metrics, reproduction study},
	Location = {London, England, United Kingdom},
	Numpages = {9},
	Pages = {39:1--39:9},
	Publisher = {ACM},
	Series = {EASE '14},
	Title = {Code Ownership in Open-source Software},
	Url = {http://doi.acm.org/10.1145/2601248.2601283},
	Year = {2014},
	Bdsk-Url-1 = {http://doi.acm.org/10.1145/2601248.2601283},
	Bdsk-Url-2 = {http://dx.doi.org/10.1145/2601248.2601283}}

@inproceedings{Rahman:2013,
	Acmid = {2486846},
	Address = {Piscataway, NJ, USA},
	Author = {Rahman, Foyzur and Devanbu, Premkumar},
	Booktitle = {Proceedings of the 2013 International Conference on Software Engineering},
	Isbn = {978-1-4673-3076-3},
	Location = {San Francisco, CA, USA},
	Numpages = {10},
	Pages = {432--441},
	Publisher = {IEEE Press},
	Series = {ICSE '13},
	Title = {How, and Why, Process Metrics Are Better},
	Url = {http://dl.acm.org/citation.cfm?id=2486788.2486846},
	Year = {2013},
	Bdsk-Url-1 = {http://dl.acm.org/citation.cfm?id=2486788.2486846}}

@misc{DefectsCost,
	Howpublished = {\url{http://www.abeacha.com/NIST_press_release_bugs_cost.htm}},
	Note = {Accessed: \today},
	Title = {Software Errors Cost U.S. Economy \$59.5 Billion Annually}}

@inproceedings{moser2008comparative,
	Author = {Moser, Raimund and Pedrycz, Witold and Succi, Giancarlo},
	Booktitle = {Software Engineering, 2008. ICSE'08. ACM/IEEE 30th International Conference on},
	Organization = {IEEE},
	Pages = {181--190},
	Title = {A comparative analysis of the efficiency of change metrics and static code attributes for defect prediction},
	Year = {2008}}

@article{sliwerski2005changes,
	Author = {{\'S}liwerski, Jacek and Zimmermann, Thomas and Zeller, Andreas},
	Journal = {ACM sigsoft software engineering notes},
	Number = {4},
	Pages = {1--5},
	Publisher = {ACM},
	Title = {When do changes induce fixes?},
	Volume = {30},
	Year = {2005}}

@inproceedings{zimmermann2009cross-project,
	Acmid = {1595713},
	Address = {New York, NY, USA},
	Author = {Zimmermann, Thomas and Nagappan, Nachiappan and Gall, Harald and Giger, Emanuel and Murphy, Brendan},
	Booktitle = {Proceedings of the the 7th Joint Meeting of the European Software Engineering Conference and the ACM SIGSOFT Symposium on The Foundations of Software Engineering},
	Doi = {10.1145/1595696.1595713},
	Isbn = {978-1-60558-001-2},
	Keywords = {churn, cross-project, decision trees, defect prediction, logistic regression, prediction quality},
	Location = {Amsterdam, The Netherlands},
	Numpages = {10},
	Pages = {91--100},
	Publisher = {ACM},
	Series = {ESEC/FSE '09},
	Title = {Cross-project Defect Prediction: A Large Scale Experiment on Data vs. Domain vs. Process},
	Url = {http://doi.acm.org/10.1145/1595696.1595713},
	Year = {2009},
	Bdsk-Url-1 = {http://doi.acm.org/10.1145/1595696.1595713},
	Bdsk-Url-2 = {http://dx.doi.org/10.1145/1595696.1595713}}

@inproceedings{purushothaman2004towards,
	Author = {Purushothaman, Ranjith and Perry, Dewayne E},
	Booktitle = {International Workshop on Mining Software Repositories (MSR 2004), International Conference on Software Engineering},
	Organization = {IET},
	Pages = {90--94},
	Title = {Towards Understanding the Rhetoric of Small Changes-Extended Abstract},
	Year = {2004}}

@inproceedings{munson1998code,
	Author = {Munson, John C and Elbaum, Sebastian G},
	Booktitle = {Software Maintenance, 1998. Proceedings., International Conference on},
	Organization = {IEEE},
	Pages = {24--31},
	Title = {Code churn: A measure for estimating the impact of code change},
	Year = {1998}}

@inproceedings{meng2013mining,
	Author = {Meng, Xiaozhu and Miller, Barton P and Williams, William R and Bernat, Andrew R},
	Booktitle = {Software Maintenance (ICSM), 2013 29th IEEE International Conference on},
	Organization = {IEEE},
	Pages = {250--259},
	Title = {Mining Software Repositories for Accurate Authorship},
	Year = {2013}}

@inproceedings{hata2012bug,
	Author = {Hata, Hideaki and Mizuno, Osamu and Kikuno, Tohru},
	Booktitle = {Proceedings of the 34th International Conference on Software Engineering},
	Organization = {IEEE Press},
	Pages = {200--210},
	Title = {Bug prediction based on fine-grained module histories},
	Year = {2012}}

@misc{DefectsCost2,
	Howpublished = {http://insight.jbs.cam.ac.uk/2013/financial-content-cambridge-university-study-states-software-bugs-cost-economy-312-billion-per-year/},
	Note = {Accessed: \today},
	Title = {Financial Content: Cambridge University study states software bugs cost economy \$312 billion per year}}

@article{breiman2001random,
	Author = {Breiman, Leo},
	Journal = {Machine learning},
	Number = {1},
	Pages = {5--32},
	Publisher = {Springer},
	Title = {Random forests},
	Volume = {45},
	Year = {2001}}

@inproceedings{herzig2013impact,
	Author = {Herzig, Kim and Zeller, Andreas},
	Booktitle = {Mining Software Repositories (MSR), 2013 10th IEEE Working Conference on},
	Organization = {IEEE},
	Pages = {121--130},
	Title = {The impact of tangled code changes},
	Year = {2013}}

@article{d2012evaluating,
	Author = {D'Ambros, Marco and Lanza, Michele and Robbes, Romain},
	Journal = {Empirical Software Engineering},
	Number = {4-5},
	Pages = {531--577},
	Publisher = {Springer},
	Title = {Evaluating defect prediction approaches: a benchmark and an extensive comparison},
	Volume = {17},
	Year = {2012}}

@article{ray2015naturalness,
	Author = {Ray, Baishakhi and Hellendoorn, Vincent and Tu, Zhaopeng and Godhane, Saheel and Bacchelli, Alberto and Devanbu, Premkumar},
	Booktitle = {Proceedings of the 38th International Conference on Software Engineering},
	Organization = {IEEE Press},
	Title = {On the ``Naturalness" of Buggy Code},
	Year = {2016}}
