% Original paper: Don't Touch My Code! Examining the Effects of Ownership on Software Quality
@Inproceedings {
bird:original,
author       = {Christian Bird and Nachiappan Nagappan and brendan murphy and Harald Gall and
                Premkumar Devanbu},
booktitle    = {Proceedings of the the eighth joint meeting of the European Software Engineering
                Conference and the ACM SIGSOFT Symposium on The Foundations of Software
                Engineering},
month        = {September},
publisher    = {ACM},
title        = {Don't Touch My Code! Examining the Effects of Ownership on Software Quality},
url          = {http://research.microsoft.com/apps/pubs/default.aspx?id=150498},
year         = {2011},
}


% Git Blame: Ownership, Experience and Defects: A Fine-Grained Study of Authorship
@inproceedings{Rahman:blame,
    author = {Rahman, Foyzur and Devanbu, Premkumar},
    title = {Ownership, Experience and Defects: A Fine-grained Study of Authorship},
    booktitle = {Proceedings of the 33rd International Conference on Software Engineering},
    series = {ICSE '11},
    year = {2011},
    isbn = {978-1-4503-0445-0},
    location = {Waikiki, Honolulu, HI, USA},
    pages = {491--500},
    numpages = {10},
    url = {http://doi.acm.org/10.1145/1985793.1985860},
    doi = {10.1145/1985793.1985860},
    acmid = {1985860},
    publisher = {ACM},
    address = {New York, NY, USA},
    keywords = {collaboration, experience, ownership, software quality},
} 

% Microsoft2: Code Ownership and Software Quality: A Replication Study
@Inproceedings {
    Greiler:replication,
    address      = {Piscataway, NJ, USA},
    author       = {Michaela Greiler and Kim Herzig and Jacek Czerwonka},
    booktitle    = {Proceedings of the 12th Working Conference on Mining Software Repositories},
    month        = {May},
    publisher    = {IEEE},
    series       = {MSR '15},
    title        = {Code Ownership and Software Quality: A Replication Study},
    url          = {http://research.microsoft.com/apps/pubs/default.aspx?id=246746},
    year         = {2015},
}


% Code Ownership in Open-Source Software
@inproceedings{
    Foucault:oss,
    author = {Foucault, Matthieu and Falleri, Jean-R{\'e}my and Blanc, Xavier},
    title = {Code Ownership in Open-source Software},
    booktitle = {Proceedings of the 18th International Conference on Evaluation and Assessment in Software Engineering},
    series = {EASE '14},
    year = {2014},
    isbn = {978-1-4503-2476-2},
    location = {London, England, United Kingdom},
    pages = {39:1--39:9},
    articleno = {39},
    numpages = {9},
    url = {http://doi.acm.org/10.1145/2601248.2601283},
    doi = {10.1145/2601248.2601283},
    acmid = {2601283},
    publisher = {ACM},
    address = {New York, NY, USA},
    keywords = {code ownership, process metrics, reproduction study},
} 

%How, and why, process metrics are better
@inproceedings{Rahman:2013,
 author = {Rahman, Foyzur and Devanbu, Premkumar},
 title = {How, and Why, Process Metrics Are Better},
 booktitle = {Proceedings of the 2013 International Conference on Software Engineering},
 series = {ICSE '13},
 year = {2013},
 isbn = {978-1-4673-3076-3},
 location = {San Francisco, CA, USA},
 pages = {432--441},
 numpages = {10},
 url = {http://dl.acm.org/citation.cfm?id=2486788.2486846},
 acmid = {2486846},
 publisher = {IEEE Press},
 address = {Piscataway, NJ, USA},
} 

@misc{DefectsCost,
  title = {Software Errors Cost U.S. Economy \$59.5 Billion Annually},
  howpublished = {\url{http://www.abeacha.com/NIST_press_release_bugs_cost.htm}},
  note = {Accessed: \today}
}

@inproceedings{moser2008comparative,
  title={A comparative analysis of the efficiency of change metrics and static code attributes for defect prediction},
  author={Moser, Raimund and Pedrycz, Witold and Succi, Giancarlo},
  booktitle={Software Engineering, 2008. ICSE'08. ACM/IEEE 30th International Conference on},
  pages={181--190},
  year={2008},
  organization={IEEE}
}

@article{sliwerski2005changes,
  title={When do changes induce fixes?},
  author={{\'S}liwerski, Jacek and Zimmermann, Thomas and Zeller, Andreas},
  journal={ACM sigsoft software engineering notes},
  volume={30},
  number={4},
  pages={1--5},
  year={2005},
  publisher={ACM}
}

@inproceedings{zimmermann2009cross-project,
 author = {Zimmermann, Thomas and Nagappan, Nachiappan and Gall, Harald and Giger, Emanuel and Murphy, Brendan},
 title = {Cross-project Defect Prediction: A Large Scale Experiment on Data vs. Domain vs. Process},
 booktitle = {Proceedings of the the 7th Joint Meeting of the European Software Engineering Conference and the ACM SIGSOFT Symposium on The Foundations of Software Engineering},
 series = {ESEC/FSE '09},
 year = {2009},
 isbn = {978-1-60558-001-2},
 location = {Amsterdam, The Netherlands},
 pages = {91--100},
 numpages = {10},
 url = {http://doi.acm.org/10.1145/1595696.1595713},
 doi = {10.1145/1595696.1595713},
 acmid = {1595713},
 publisher = {ACM},
 address = {New York, NY, USA},
 keywords = {churn, cross-project, decision trees, defect prediction, logistic regression, prediction quality},
}

@inproceedings{purushothaman2004towards,
  title={Towards Understanding the Rhetoric of Small Changes-Extended Abstract},
  author={Purushothaman, Ranjith and Perry, Dewayne E},
  booktitle={International Workshop on Mining Software Repositories (MSR 2004), International Conference on Software Engineering},
  pages={90--94},
  year={2004},
  organization={IET}
}

@inproceedings{munson1998code,
  title={Code churn: A measure for estimating the impact of code change},
  author={Munson, John C and Elbaum, Sebastian G},
  booktitle={Software Maintenance, 1998. Proceedings., International Conference on},
  pages={24--31},
  year={1998},
  organization={IEEE}
}

@inproceedings{meng2013mining,
  title={Mining Software Repositories for Accurate Authorship},
  author={Meng, Xiaozhu and Miller, Barton P and Williams, William R and Bernat, Andrew R},
  booktitle={Software Maintenance (ICSM), 2013 29th IEEE International Conference on},
  pages={250--259},
  year={2013},
  organization={IEEE}
}

@inproceedings{hata2012bug,
  title={Bug prediction based on fine-grained module histories},
  author={Hata, Hideaki and Mizuno, Osamu and Kikuno, Tohru},
  booktitle={Proceedings of the 34th International Conference on Software Engineering},
  pages={200--210},
  year={2012},
  organization={IEEE Press}
}


@misc{DefectsCost2,
  title = {Financial Content: Cambridge University study states software bugs cost economy \$312 billion per year},
  howpublished = {http://insight.jbs.cam.ac.uk/2013/financial-content-cambridge-university-study-states-software-bugs-cost-economy-312-billion-per-year/},
  note = {Accessed: \today}
}

@article{breiman2001random,
  title={Random forests},
  author={Breiman, Leo},
  journal={Machine learning},
  volume={45},
  number={1},
  pages={5--32},
  year={2001},
  publisher={Springer}
}

@inproceedings{herzig2013impact,
  title={The impact of tangled code changes},
  author={Herzig, Kim and Zeller, Andreas},
  booktitle={Mining Software Repositories (MSR), 2013 10th IEEE Working Conference on},
  pages={121--130},
  year={2013},
  organization={IEEE}
}

@article{d2012evaluating,
  title={Evaluating defect prediction approaches: a benchmark and an extensive comparison},
  author={D'Ambros, Marco and Lanza, Michele and Robbes, Romain},
  journal={Empirical Software Engineering},
  volume={17},
  number={4-5},
  pages={531--577},
  year={2012},
  publisher={Springer}
}